%! Author = Axel
%! Date = 21/10/2024

